<record><leader>00000cas a22000007a 4500</leader><controlfield tag="001">41900984</controlfield><controlfield tag="008">990719d1922194umeuwr ne      0    0eng d</controlfield><datafield ind1=" " ind2=" " tag="010"><subfield code="a">sn 99066553 </subfield></datafield><datafield ind1=" " ind2=" " tag="040"><subfield code="a">MBN</subfield><subfield code="b">eng</subfield><subfield code="c">MBN</subfield><subfield code="d">OCLCQ</subfield><subfield code="d">OCLCO</subfield></datafield><datafield ind1=" " ind2=" " tag="042"><subfield code="a">msc</subfield></datafield><datafield ind1=" " ind2=" " tag="043"><subfield code="a">n-us-me</subfield></datafield><datafield ind1="0" ind2=" " tag="130"><subfield code="a">Old York transcript (York Village, Me.)</subfield></datafield><datafield ind1="1" ind2="4" tag="245"><subfield code="a">The Old York transcript.</subfield></datafield><datafield ind1="1" ind2="3" tag="246"><subfield code="a">Old York transcript and pioneer,</subfield><subfield code="f">&lt;Oct. 1929&gt;</subfield></datafield><datafield ind1=" " ind2=" " tag="260"><subfield code="a">York Village, Me. :</subfield><subfield code="b">York Press</subfield></datafield><datafield ind1=" " ind2=" " tag="300"><subfield code="a">v.</subfield></datafield><datafield ind1=" " ind2=" " tag="310"><subfield code="a">Weekly</subfield></datafield><datafield ind1="1" ind2=" " tag="362"><subfield code="a">Began 1922?</subfield></datafield><datafield ind1=" " ind2=" " tag="500"><subfield code="a">York Village is a village in York Me.</subfield></datafield><datafield ind1=" " ind2=" " tag="588"><subfield code="a">Description based on: 33rd year, no. 1 (Oct. 20, 1922).</subfield></datafield><datafield ind1=" " ind2="0" tag="651"><subfield code="a">York Village (Me.)</subfield><subfield code="v">Newspapers.</subfield></datafield><datafield ind1=" " ind2="0" tag="651"><subfield code="a">York (Me.)</subfield><subfield code="v">Newspapers.</subfield></datafield><datafield ind1=" " ind2=" " tag="752"><subfield code="a">United States</subfield><subfield code="b">Maine</subfield><subfield code="c">York</subfield><subfield code="d">York.</subfield></datafield><datafield ind1="0" ind2=" " tag="775"><subfield code="t">Wells-Ogunquit compass</subfield><subfield code="w">(DLC)sn 99066517</subfield></datafield><datafield ind1="0" ind2=" " tag="775"><subfield code="t">York County pioneer</subfield></datafield><datafield ind1="0" ind2=" " tag="775"><subfield code="t">South Berwick news</subfield><subfield code="w">(DLC)sn 97062713</subfield></datafield><datafield ind1="0" ind2="0" tag="780"><subfield code="t">Old York transcript and the York courant</subfield><subfield code="w">(DLC)sn 96075065</subfield></datafield><datafield ind1="0" ind2="0" tag="785"><subfield code="t">York weekly</subfield><subfield code="w">(DLC)sn 85000723</subfield></datafield></record>